<?xml version="1.0" encoding="UTF-8"?><collection xmlns="http://www.loc.gov/MARC21/slim"><record><leader>00364nam--2200133-i-4500</leader><controlfield tag="001">000006056</controlfield><controlfield tag="002">20161230</controlfield><controlfield tag="005">20161230201026</controlfield><controlfield tag="008">060222s1000------------r-----000-0-eng-d</controlfield><datafield ind1=" " ind2=" " tag="100"><subfield code="a">Buchanan, W.D</subfield></datafield><datafield ind1=" " ind2=" " tag="245"><subfield code="a">Toxicity of arsenic compounds</subfield></datafield><datafield ind1=" " ind2=" " tag="260"><subfield code="a">Amsterdam, Elsevier Publ.Co., 1962. Viii + 155 P</subfield></datafield><datafield ind1=" " ind2=" " tag="490"><subfield code="a">Elsevier Monographs On Toxic Agents</subfield></datafield><datafield ind1=" " ind2=" " tag="852"><subfield code="a">17858</subfield></datafield></record></collection>